<collection xmlns="http://www.loc.gov/MARC21/slim">
<record>
  <leader>01073nam0a22002291i 450 </leader>
  <controlfield tag="001">IT\ICCU\CNCE\058279</controlfield>
  <controlfield tag="005">20131011000000.0</controlfield>
  <datafield tag="012" ind1=" " ind2=" ">
    <subfield code="a">t.u- oljs etam humu (3) 1571 (R)</subfield>
    <subfield code="2">fei</subfield>
  </datafield>
  <datafield tag="100" ind1=" " ind2=" ">
    <subfield code="a">20040519d1571        0itac0103    ba</subfield>
  </datafield>
  <datafield tag="101" ind1=" " ind2=" ">
    <subfield code="a">LAT</subfield>
  </datafield>
  <datafield tag="102" ind1=" " ind2=" ">
    <subfield code="a">IT</subfield>
  </datafield>
  <datafield tag="200" ind1="1" ind2=" ">
    <subfield code="a">Orationis dominicalis expositio. Per excellentiss. Iacobinum Barges minoritanum primum Patauij, deinde in MonteRegali, postemo Taurini metaphisicam public ̈profitentem</subfield>
  </datafield>
  <datafield tag="210" ind1=" " ind2=" ">
    <subfield code="a">In Monte Regali</subfield>
    <subfield code="c">excudebat Petrus Franciscus Burghesius ciuis Vercellen.</subfield>
    <subfield code="d">1571</subfield>
  </datafield>
  <datafield tag="215" ind1=" " ind2=" ">
    <subfield code="a">100 \i.e. 104\ , \8! p.</subfield>
    <subfield code="d">16ʻ</subfield>
  </datafield>
  <datafield tag="620" ind1=" " ind2=" ">
    <subfield code="a">IT</subfield>
    <subfield code="d">Mondov</subfield>
  </datafield>
  <datafield tag="700" ind1=" " ind2="1">
    <subfield code="a">Malafossa,</subfield>
    <subfield code="b">Giacobino</subfield>
    <subfield code="3">IT\ICCU\CNCA\009710</subfield>
  </datafield>
  <datafield tag="712" ind1="0" ind2="0">
    <subfield code="a">Borghesio, Pietro Francesco</subfield>
    <subfield code="3">IT\ICCU\CNCT\001236</subfield>
    <subfield code="4">650</subfield>
  </datafield>
  <datafield tag="790" ind1=" " ind2="1">
    <subfield code="a">Bargius,</subfield>
    <subfield code="b">Iacobinus</subfield>
    <subfield code="3">IT\ICCU\CNCA\021062</subfield>
    <subfield code="z">Malafossa, Giacobino</subfield>
  </datafield>
  <datafield tag="790" ind1=" " ind2="1">
    <subfield code="a">Malafassa de Bargis,</subfield>
    <subfield code="b">Iacobinus</subfield>
    <subfield code="3">IT\ICCU\CNCA\026822</subfield>
    <subfield code="z">Malafossa, Giacobino</subfield>
  </datafield>
  <datafield tag="791" ind1="0" ind2="0">
    <subfield code="a">Burghesius, Petrus Franciscus</subfield>
    <subfield code="3">IT\ICCU\CNCT\003642</subfield>
    <subfield code="z">Borghesio, Pietro Francesco</subfield>
  </datafield>
  <datafield tag="801" ind1=" " ind2="3">
    <subfield code="a">IT</subfield>
    <subfield code="b">ICCU</subfield>
    <subfield code="c">20201115</subfield>
  </datafield>
  <datafield tag="899" ind1=" " ind2=" ">
    <subfield code="a">Biblioteca Angelica. Roma</subfield>
    <subfield code="1">RM0290</subfield>
    <subfield code="2">RML 06</subfield>
  </datafield>
</record>
</collection>
